@article{TaihuRemoteSensing,
    author = "Lin Qi and Chuanmin Hu and Petra M. Visser and Ronghua Ma",
    title = "Diurnal changes of cyanobacteria blooms in Taihu Lake as derived from GOCI observations",
    journal = "Limnology and Oceanography",
    volume = "63",
    number = "4",
    pages = "1711--1726",
    year = "2018"
}
@article{FilterFeeder,
    author = "Jonathan M. Jeschke and Michael Kopp and Ralph Tollrian",
    title = "Consumer-food systems: why type I functional responses are exclusive to filter feeders",
    journal = "Biological Reviews",
    volume = "79",
    number = "2",
    pages = "337--349",
    year = "2004"
}
@article{HydrodynamicsInfluence,
    author = "Yang Song and Ling-Lei Zhang and Jia Li and Min Chen and Yao-Wen Zhang",
    title = "Mechanism of the influence of hydrodynamics on \textit{Microcystis aeruginosa}, a dominant bloom species in reservoirs",
    journal = "Science of the Total Environment",
    volume = "636",
    pages = "230--239",
    year = "2018"
}
@article{ADI,
    author = "Bernard Bialecki and Ryan I. Fernandes",
    title = "Orthogonal spline collocation Laplace-modified and alterna-ting-direction methods for parablic problems on rectangles",
    journal = "Mathematics of Computation",
    volume = "60",
    number = "202",
    pages = "545--573",
    year = "1993"
}
@article{GrazerSize,
    author = "Michael F. Chislock and Enrique Doster and Rachel A. Zitomer and Alan E. Wilson",
    title = "Eutrophication: Causes, Consequences, and Controls in Aquatic Ecosystems",
    journal = "Nature Education Knowledge",
    volume = "4",
    number = "4",
    pages = "10",
    year = "2013"
}
@article{Zeta,
    author = "Per Juel Hansen and Peter Koefoed Bj{\o}rnsen and Benni Winding Hansen",
    title = "Zooplankton grazing and growth: Scaling within the 2‐2,000‐$\mu$m body size range",
    journal = "Limnology and Oceanography",
    volume = "42",
    number = "4",
    pages = "687--704",
    year = "1997"
}
@article{Assimilation,
    author = "M. R. Landry and R. P. Hassett and V. Fagerness and J. Downs and C. J. Lorenzen",
    title = "Effect of food acclimation on assimilation efficiency of \textit{Calanus pacificus}",
    journal = "Limnology and Oceanography",
    volume = "29",
    number = "2",
    pages = "361--364",
    year = "1984"
}
@article{PlanktonSystems,
    author = "Jiantao Zhao and Jianjun Paul Tian and Junjie Wei",
    title = "Minimal Model of Plankton Systems Revisited with Spatial Diffusion and Maturation Delay",
    journal = "Bulletin of Mathematical Biology",
    volume = "78",
    number = "3",
    pages = "381--412",
    year = "2016"
}
@article{SteeleHenderson,
    author = "John H. Steele and Eric W. Henderson",
    title = "The role of predation in plankton models",
    journal = "Journal of Plankton Research",
    volume = "14",
    number = "1",
    pages = "157--172",
    year = "1992"
}
@article{ZhaoTianWei,
    author = "Jiantao Zhao and Jianjun Paul Tian and Junjie Wei",
    title = "Minimal Model of Plankton Systems Revisited with Spatial Diffusion and Maturation Delay",
    journal = "Bulletin of Mathematical Biology",
    volume = "78",
    number = "3",
    pages = "381--412",
    year = "2016"
}
@article{DumitranVuta,
    author = "Gabriela Elena Dumitran and Liana Ioana Vuta",
    title = "Study on Lake Izvorul Muntelui rehabilitation",
    journal = "Simulation Modelling Practice and Theory",
    volume = "19",
    number = "4",
    pages = "1235--1242",
    year = "2011"
}
@article{2D-B,
    author = "G\"{o}ran Brostr\"{o}m",
    title = "On advection and diffusion of plankton in coarse resolution ocean models",
    journal = "Journal of Marine Systems",
    volume = "35",
    number = "1–2",
    pages = "99--110",
    year = "2002"
}
@article{Mw,
    author = "B. T. M. Mulling and S. A. Wood and D. P. Hamilton",
    title = "Intra-colony motility of \textit{Microcystis wesenbergii} cells",
    journal = "New Zealand Journal of Botany",
    volume = "52",
    number = "1",
    pages = "153--159",
    year = "2014"
}
@article{ToxicMaStrainsDominance,
    author = "Susan LeBlanc Renaud and Frances R. Pick and Nathalie Fortin",
    title = "Effect of light intensity on the relative dominance of toxigenic and nontoxigenic strains of \textit{Microcystis aeruginosa}",
    journal = "Applied and Environmental Microbiology",
    volume = "77",
    number = "19",
    pages = "7016--7022",
    year = "2011"
}
@article{DZTheory,
    author = "Niko Komin and Udo Erdmann and Lutz Schimansky-Geier",
    title = "Random walk theory applied to \textit{Daphnia} motion",
    journal = "Fluctuation and Noise Letters",
    volume = "4",
    number = "1",
    pages = "L151--L159",
    year = "2004"
}
@article{DZExperiment,
    author = "Ricardo Garcia and Frank Moss and Ai Nihongi and J. Rudi Strickler and Sebastian G\"{o}ller and Udo Erdmann and Lutz Schimansky-Geier and Igor M. Sokolov",
    title = "Optimal foraging by zooplankton within patches: The case of \textit{Daphnia}",
    journal = "Mathematical Biosciences",
    volume = "207",
    pages = "165--188",
    year = "2007"
}
@article{B,
    author = "Ming-Ming Ou and Yan Wang and Bao-Xue Zhou and Wei-Min Cai",
    title = "Effects of Iron and Phosphorus on \textit{Microcystis} Physiological Reactions",
    journal = "Biomedical and Environmental Sciences",
    volume = "19",
    pages = "399--404",
    year = "2006"
}
@article{KappaBmeta,
    author = "Christian Mulder and A. Jan Hendriks",
    title = "Half-saturation constants in functional responses",
    journal = "Global Ecology and Conservation",
    volume = "2",
    pages = "161--169",
    year = "2014"
}
@article{LakeBalaton,
    author = "Masaki Sagehashi and Akiyoshi Sakoda and Motoyuki Suzuki",
    title = "A mathematical model of a shallow and eutrophic lake (The Keszthely Basin, Lake Balaton) and simulation of restorative manipulations",
    journal = "Water Research",
    volume = "35",
    number = "7",
    pages = "1675--1686",
    year = "2001"
}
@article{BGK,
    author = "P. L. Bhatnagar and E. P. Gross and M. Krook",
    title = "A Model for Collision Processes in Gases. I. Small Amplitude Processes in Charged and Neutral One-Component Systems",
    journal = "Physical Review",
    volume = "94",
    number = "3",
    pages = "511--525",
    year = "1954"
}
@report{WillowCreekReservoir,
  title = "Temporal and Spatial Monitoring of Cyanobacterial Blooms at Willow Creek Reservoir, North-Central Oregon: U.S. Geological Survey Scientific Investigations Report 2018–5083",
  author = "Cassandra D. Smith", 
  year = "2018",
  url = "https://doi.org/10.3133/sir20185083"
}
@report{DetroitRiver,
  title = "Detroit River Physical and Hydraulic Characteristics",
  author = "Jan A. Derecki", 
  year = "1984",
  url = "https://www.glerl.noaa.gov/pubs/fulltext/1984/19840013.pdf"
}
@article{LakeErieSeasonalTemperature,
    author = "W. M. Schertzer and J. H. Saylor and F. M. Boyce and D. G. Robertson and F. Rosa",
    title = "Seasonal thermal cycle of Lake Erie",
    journal = "Journal of Great Lakes Research",
    volume = "13",
    number = "4",
    pages = "468--486",
    year = "1987"
}
@article{MuPI,
    author = "Guoqing Wang and Zhongping Lee and Deepak R. Mishra and Ronghua Ma",
    title = "Retrieving absorption coefficients of multiple phytoplankton pigments from hyperspectral remote sensing reflectance measured over cyanobacteria bloom waters",
    journal = "Limnology and Oceanography: Methods",
    volume = "14",
    number = "7",
    pages = "432--447",
    year = "2016"
}
@online{LakeErieBathymetry,
  author = {NOAA},
  title = {Bathymetry of Lake Erie \& Lake Saint Clair},
  url = {https://www.ngdc.noaa.gov/mgg/greatlakes/erie.html},
  urldate = {2019-03-19}
}
@online{LakeErieShoreline,
  author = {Michigan GIS Open Data},
  title = {Lake Erie Shoreline},
  url = {https://gis-michigan.opendata.arcgis.com/datasets/lake-erie-shoreline},
  urldate = {2019-03-19}
}
@article{MicrocystisPContent,
    author = "S. Enr\'{i}quez and C. M. Duarte and K. Sand-Jensen",
    title = "Patterns in decomposition rates among photosynthetic organisms: the importance of detritus C:N:P content",
    journal = "Oecologia",
    volume = "94",
    year = "1993",
    pages = "457--471"
}
@article{Holling,
    author = "C. S. Holling",
    title = "The Components of Predation as Revealed by a Study of Small-Mammal Predation of the European Pine Sawfly",
    journal = "The Canadian Entomologist",
    volume = "91",
    number = "5",
    pages = "293--320",
    year = "1959"
}
@article{SubsurfaceP,
    author = "Joseph L. Domagalski and Henry M. Johnson",
    title = "Subsurface transport of orthophosphate in five agricultural watersheds, USA",
    journal = "Journal of Hydrology",
    volume = "409",
    pages = "157--171",
    year = "2011"
}
@article{MaPilus,
    author = "Kenlee Nakasugi and Brett A. Neilan",
    title = "Identification of Pilus-Like Structures and Genes in \textit{Microcystis aeruginosa} PCC7806",
    journal = "Applied and Environmental Microbiology",
    volume = "71",
    number = "11",
    pages = "7621--7625",
    year = "2005"
}
@article{LimitingFactor,
    author = "David W. Schindler and R. E. Hecky and D. L. Findlay and M. P. Stainton and B. R. Parker and M. J. Paterson and K. G. Beaty and M. Lyng and S. E. M. Kasian",
    title = "Eutrophication of lakes cannot be controlled by reducing nitrogen input: Results of a 37-year whole-ecosystem experiment",
    journal = "PNAS",
    volume = "105",
    number = "32",
    pages = "11254--11258",
    year = "2008"
}
@article{DP,
    author = "Yuan-Hui Li and Sandra Gregory",
    title = " Diffusion of ions in sea water and in deep-sea sediments",
    journal = "Geochimica et Cosmochimica Acta",
    volume = "38",
    pages = "703--714",
    year = "1974"
}